<collection xmlns="http://www.loc.gov/MARC21/slim"><record><leader>00836nam  2200229   450</leader><controlfield tag="001">105</controlfield><controlfield tag="003">http://montalegre.opacnet.com/OPAC/default.aspx?ContentAreaControl=ShowRegHoldings.ascx&amp;RegNo=16662</controlfield><controlfield tag="005">20</controlfield><datafield tag="095" ind1=" " ind2=" "><subfield code="a">PTBN00037331</subfield></datafield><datafield tag="100" ind1=" " ind2=" "><subfield code="a">20070502d1981    m  y0pora010305  ba</subfield></datafield><datafield tag="101" ind1="1" ind2=" "><subfield code="a">por</subfield><subfield code="c">ger</subfield></datafield><datafield tag="102" ind1=" " ind2=" "><subfield code="a">PT</subfield></datafield><datafield tag="200" ind1="1" ind2=" "><subfield code="a">&lt;A &gt;honra perdida de Katharina Blum</subfield><subfield code="f">Heinrich Boll</subfield><subfield code="g">trad. Maria Helena Rodrigues de Carvalho</subfield></datafield><datafield tag="210" ind1=" " ind2=" "><subfield code="a">Mem Martins</subfield><subfield code="c">Europa-América</subfield><subfield code="d">1981</subfield></datafield><datafield tag="215" ind1=" " ind2=" "><subfield code="a">125, [3] p.</subfield><subfield code="d">18 cm</subfield></datafield><datafield tag="225" ind1="2" ind2=" "><subfield code="a">Livros de bolso Europa-América</subfield><subfield code="v">239</subfield></datafield><datafield tag="304" ind1=" " ind2=" "><subfield code="a">Tít. orig. Die verlorene Ehre Katharina Blum</subfield></datafield><datafield tag="675" ind1=" " ind2=" "><subfield code="a">821</subfield><subfield code="v">BN</subfield><subfield code="z">por</subfield></datafield><datafield tag="700" ind1=" " ind2="1"><subfield code="a">Boll</subfield><subfield code="b">Heinrich</subfield><subfield code="f">1917-1985</subfield></datafield><datafield tag="702" ind1=" " ind2="1"><subfield code="a">Carvalho</subfield><subfield code="b">Maria Helena Rodrigues de</subfield><subfield code="4">730</subfield></datafield><datafield tag="801" ind1=" " ind2="0"><subfield code="a">PT</subfield><subfield code="b">Biblioteca Municipal de Montalegre</subfield><subfield code="g">RPC</subfield></datafield><datafield tag="856" ind1=" " ind2=" "><subfield code="u">locateMedia.asp?cod=20060509092818&amp;ext=jpg</subfield><subfield code="z">CAPA</subfield></datafield><datafield tag="909" ind1="&#9;" ind2=" "><subfield code="a">1</subfield></datafield><datafield tag="966" ind1=" " ind2=" "><subfield code="a">0005173</subfield><subfield code="l">BMM</subfield><subfield code="s">SCG 821 BOL hon 239</subfield></datafield></record></collection>